<?xml version='1.0'?>
<collection xmlns='http://www.loc.gov/MARC21/slim' xmlns:xsi='http://www.w3.org/2001/XMLSchema-instance' xsi:schemaLocation='http://www.loc.gov/MARC21/slim http://www.loc.gov/standards/marcxml/schema/MARC21slim.xsd'>
  <record>
    <leader>00000nam a2200445Ia 4500</leader>
      <controlfield tag='006'>m        u</controlfield>
      <controlfield tag='007'>cr cn|||||||||</controlfield>
      <controlfield tag='008'>031120s2004    njua    sb    001 0 eng d</controlfield>
      <controlfield tag='001'>ebr10088288</controlfield>
      <controlfield tag='003'>CaPaEBR</controlfield>
      <datafield ind1=' ' ind2=' ' tag='019'>
        <subfield code='a'>ebr10088279,</subfield>
        <subfield code='a'>ebr10088278</subfield>
      </datafield>
      <datafield ind1=' ' ind2=' ' tag='020'>
        <subfield code='z'>0805843299 (v. 1 : alk. paper)</subfield>
      </datafield>
      <datafield ind1=' ' ind2=' ' tag='020'>
        <subfield code='z'>0805843302 (v. 2 : alk. paper)</subfield>
      </datafield>
      <datafield ind1=' ' ind2=' ' tag='020'>
        <subfield code='z'>0805843310 (v. 3 : alk. paper)</subfield>
      </datafield>
      <datafield ind1=' ' ind2=' ' tag='040'>
        <subfield code='a'>CaPaEBR</subfield>
        <subfield code='c'>CaPaEBR</subfield>
      </datafield>
      <datafield ind1='1' ind2='4' tag='050'>
        <subfield code='a'>RC473.P79</subfield>
        <subfield code='b'>U83 vol.1 2004eb</subfield>
      </datafield>
      <datafield ind1='0' ind2='4' tag='082'>
        <subfield code='a'>616.89/075</subfield>
        <subfield code='2'>22</subfield>
      </datafield>
      <datafield ind1='0' ind2='4' tag='245'>
        <subfield code='a'>The use of psychological testing for treatment planning and outcomes assessment</subfield>
        <subfield code='h'>[electronic resource] /</subfield>
        <subfield code='c'>edited by Mark E. Maruish.</subfield>
      </datafield>
      <datafield ind1=' ' ind2=' ' tag='250'>
        <subfield code='a'>3rd ed.</subfield>
      </datafield>
      <datafield ind1=' ' ind2=' ' tag='260'>
        <subfield code='a'>Mahwah, N.J. :</subfield>
        <subfield code='b'>Lawrence Erlbaum Associates,</subfield>
        <subfield code='c'>2004.</subfield>
      </datafield>
      <datafield ind1=' ' ind2=' ' tag='300'>
        <subfield code='a'>xviii, 508 p. :</subfield>
        <subfield code='b'>ill.</subfield>
      </datafield>
      <datafield ind1=' ' ind2=' ' tag='504'>
        <subfield code='a'>Includes bibliographical references and indexes.</subfield>
      </datafield>
      <datafield ind1='1' ind2=' ' tag='506'>
        <subfield code='a'>Access limited to UNC Chapel Hill-authenticated users.</subfield>
        <subfield code='f'>Limited to one (1) concurrent user</subfield>
      </datafield>
      <datafield ind1=' ' ind2='0' tag='650'>
        <subfield code='a'>Psychological tests.</subfield>
      </datafield>
      <datafield ind1=' ' ind2='0' tag='650'>
        <subfield code='a'>Mental illness</subfield>
        <subfield code='x'>Diagnosis.</subfield>
      </datafield>
      <datafield ind1=' ' ind2='0' tag='650'>
        <subfield code='a'>Mental illness</subfield>
        <subfield code='x'>Treatment</subfield>
        <subfield code='x'>Evaluation.</subfield>
      </datafield>
      <datafield ind1=' ' ind2='0' tag='650'>
        <subfield code='a'>Psychiatric rating scales.</subfield>
      </datafield>
      <datafield ind1=' ' ind2='0' tag='650'>
        <subfield code='a'>Outcome assessment (Medical care)</subfield>
      </datafield>
      <datafield ind1='1' ind2=' ' tag='700'>
        <subfield code='a'>Maruish, Mark E.</subfield>
        <subfield code='q'>(Mark Edward)</subfield>
      </datafield>
      <datafield ind1='0' ind2=' ' tag='773'>
        <subfield code='t'>Ebrary perpetual access (online collection). UNL title-by-title</subfield>
      </datafield>
      <datafield ind1='4' ind2='0' tag='856'>
        <subfield code='3'>v. 1</subfield>
        <subfield code='y'>Full text available via the UNC-Chapel Hill Libraries</subfield>
        <subfield code='u'>http://libproxy.lib.unc.edu/login?url=http://site.ebrary.com/lib/uncch/Doc?id=10088288</subfield>
        <subfield code='x'>EBRARY perpetual access</subfield>
      </datafield>
      <datafield ind1='4' ind2='0' tag='856'>
        <subfield code='3'>v. 2</subfield>
        <subfield code='y'>Full text available via the UNC-Chapel Hill Libraries</subfield>
        <subfield code='u'>http://libproxy.lib.unc.edu/login?url=http://site.ebrary.com/lib/uncch/Doc?id=10088278</subfield>
        <subfield code='x'>EBRARY perpetual access</subfield>
      </datafield>
      <datafield ind1='4' ind2='0' tag='856'>
        <subfield code='3'>v. 3</subfield>
        <subfield code='y'>Full text available via the UNC-Chapel Hill Libraries</subfield>
        <subfield code='u'>http://libproxy.lib.unc.edu/login?url=http://site.ebrary.com/lib/uncch/Doc?id=10088279</subfield>
        <subfield code='x'>EBRARY perpetual access</subfield>
      </datafield>
      <datafield ind1=' ' ind2=' ' tag='907'>
        <subfield code='a'>b5122036</subfield>
      </datafield>
      <datafield ind1='0' ind2='0' tag='999'>
        <subfield code='a'>2007-02-20 00:00:00-05</subfield>
        <subfield code='c'>2007-02-20 13:08:00-05</subfield>
        <subfield code='u'>2015-10-26 12:01:48-04</subfield>
      </datafield>
  </record>