
  <record>
    <leader>00000cam  2200181Ii 4500</leader>
      <controlfield tag='008'>800409s1968    gw a          001 1 ger d</controlfield>
      <controlfield tag='001'>6180566</controlfield>
      <controlfield tag='005'>19840731000000.0</controlfield>
      <datafield ind1=' ' ind2=' ' tag='040'>
        <subfield code='a'>VA@</subfield>
        <subfield code='c'>VA@</subfield>
        <subfield code='d'>m.c.</subfield>
        <subfield code='d'>NOC</subfield>
      </datafield>
      <datafield ind1='1' ind2=' ' tag='100'>
        <subfield code='a'>Busch, Wilhelm,</subfield>
        <subfield code='d'>1832-1908.</subfield>
      </datafield>
      <datafield ind1='1' ind2='0' tag='240'>
        <subfield code='a'>Works.</subfield>
        <subfield code='f'>1968</subfield>
      </datafield>
      <datafield ind1='1' ind2='0' tag='245'>
        <subfield code='a'>Gesamtausgabe in vier Bänden /</subfield>
        <subfield code='c'>Wilhelm Busch ; hrsg. von Friedrich Bohne.</subfield>
      </datafield>
      <datafield ind1=' ' ind2=' ' tag='260'>
        <subfield code='a'>Wiesbaden,</subfield>
        <subfield code='b'>E. Vollmer,</subfield>
        <subfield code='c'>[1968]</subfield>
      </datafield>
      <datafield ind1=' ' ind2=' ' tag='300'>
        <subfield code='a'>4 v. :</subfield>
        <subfield code='b'>chiefly ill. (some col.) ;</subfield>
        <subfield code='c'>21 cm.</subfield>
      </datafield>
      <datafield ind1=' ' ind2=' ' tag='500'>
        <subfield code='a'>&quot;Wilhelm Buschs Leben&quot;: v. 4, p. 593-[612]</subfield>
      </datafield>
      <datafield ind1=' ' ind2=' ' tag='500'>
        <subfield code='a'>Includes index.</subfield>
      </datafield>
      <datafield ind1=' ' ind2=' ' tag='530'>
        <subfield code='a'>Also available in electronic format.</subfield>
      </datafield>
      <datafield ind1='1' ind2=' ' tag='700'>
        <subfield code='a'>Bohne, Friedrich.</subfield>
      </datafield>
      <datafield ind1='4' ind2='0' tag='856'>
        <subfield code='3'>Bd.1</subfield>
        <subfield code='u'>http://www.gasl.org/refbib/Busch__Werke_1.pdf</subfield>
      </datafield>
      <datafield ind1='4' ind2='0' tag='856'>
        <subfield code='3'>Bd.2</subfield>
        <subfield code='u'>http://www.gasl.org/refbib/Busch__Werke_2.pdf</subfield>
      </datafield>
      <datafield ind1=' ' ind2=' ' tag='907'>
        <subfield code='a'>b1684651</subfield>
      </datafield>
      <datafield ind1='9' ind2='1' tag='999'>
        <subfield code='i'>i2410359</subfield>
        <subfield code='l'>ddda</subfield>
        <subfield code='s'>-</subfield>
        <subfield code='t'>0</subfield>
        <subfield code='c'>1</subfield>
        <subfield code='o'>1</subfield>
        <subfield code='b'>00002326977</subfield>
        <subfield code='p'>090##</subfield>
        <subfield code='q'>|aPT2603 .U8 1968</subfield>
        <subfield code='v'>Bd.1</subfield>
      </datafield>
      <datafield ind1='9' ind2='1' tag='999'>
        <subfield code='i'>i2410360</subfield>
        <subfield code='l'>ddda</subfield>
        <subfield code='s'>-</subfield>
        <subfield code='t'>0</subfield>
        <subfield code='c'>1</subfield>
        <subfield code='o'>0</subfield>
        <subfield code='b'>00002326931</subfield>
        <subfield code='p'>090##</subfield>
        <subfield code='q'>|aPT2603 .U8 1968</subfield>
        <subfield code='v'>Bd.2</subfield>
      </datafield>
      <datafield ind1='9' ind2='1' tag='999'>
        <subfield code='i'>i2410361</subfield>
        <subfield code='l'>ddda</subfield>
        <subfield code='s'>-</subfield>
        <subfield code='t'>0</subfield>
        <subfield code='c'>1</subfield>
        <subfield code='o'>0</subfield>
        <subfield code='b'>00002326904</subfield>
        <subfield code='p'>090##</subfield>
        <subfield code='q'>|aPT2603 .U8 1968</subfield>
        <subfield code='v'>Bd.3</subfield>
      </datafield>
      <datafield ind1='9' ind2='1' tag='999'>
        <subfield code='i'>i2410362</subfield>
        <subfield code='l'>ddda</subfield>
        <subfield code='s'>-</subfield>
        <subfield code='t'>0</subfield>
        <subfield code='c'>1</subfield>
        <subfield code='o'>0</subfield>
        <subfield code='b'>00002326897</subfield>
        <subfield code='p'>090##</subfield>
        <subfield code='q'>|aPT2603 .U8 1968</subfield>
        <subfield code='v'>Bd.4</subfield>
      </datafield>
      <datafield ind1='9' ind2='2' tag='999'>
        <subfield code='a'>c1673153</subfield>
        <subfield code='b'>ddda</subfield>
        <subfield code='c'>0</subfield>
      </datafield>
      <datafield ind1='9' ind2='3' tag='999'>
        <subfield code='0'>c1673153</subfield>
        <subfield code='2'>852</subfield>
        <subfield code='3'>c</subfield>
        <subfield code='b'>555521</subfield>
        <subfield code='h'>PT2603</subfield>
        <subfield code='i'>.U8 1968</subfield>
      </datafield>
      <datafield ind1='9' ind2='3' tag='999'>
        <subfield code='0'>c1673153</subfield>
        <subfield code='2'>853</subfield>
        <subfield code='3'>y</subfield>
        <subfield code='8'>1</subfield>
        <subfield code='a'>Bd.</subfield>
        <subfield code='t'>c.</subfield>
      </datafield>
      <datafield ind1='0' ind2='0' tag='999'>
        <subfield code='a'>2004-10-01 00:00:00-04</subfield>
        <subfield code='c'>2004-09-29 17:25:00-04</subfield>
        <subfield code='u'>2016-09-26 09:26:04-04</subfield>
      </datafield>
  </record>