
  <record>
    <leader>00000cam  2200145I  4500</leader>
      <controlfield tag='008'>711209s1922    nyua   j      000 1 eng d</controlfield>
      <controlfield tag='001'>180353</controlfield>
      <controlfield tag='005'>19790630000000.0</controlfield>
      <datafield ind1=' ' ind2=' ' tag='040'>
        <subfield code='a'>HEI</subfield>
        <subfield code='c'>HEI</subfield>
        <subfield code='d'>NOC</subfield>
      </datafield>
      <datafield ind1='1' ind2=' ' tag='100'>
        <subfield code='a'>Bianco, Margery Williams,</subfield>
        <subfield code='d'>1881-1944.</subfield>
      </datafield>
      <datafield ind1='1' ind2='4' tag='245'>
        <subfield code='a'>The velveteen rabbit;</subfield>
        <subfield code='b'>or, How toys become real.</subfield>
        <subfield code='c'>By Margery Williams [i.e. M. W. Bianco]; with illustrations by William Nicholson.</subfield>
      </datafield>
      <datafield ind1=' ' ind2=' ' tag='260'>
        <subfield code='a'>Garden City, N.Y.,</subfield>
        <subfield code='b'>Doubleday,</subfield>
        <subfield code='c'>[1922?]</subfield>
      </datafield>
      <datafield ind1=' ' ind2=' ' tag='300'>
        <subfield code='a'>33 p.</subfield>
        <subfield code='b'>illus.</subfield>
        <subfield code='c'>21 cm.</subfield>
      </datafield>
      <datafield ind1=' ' ind2=' ' tag='530'>
        <subfield code='a'>Also available via the World Wide Web.</subfield>
      </datafield>
      <datafield ind1='4' ind2='1' tag='856'>
        <subfield code='y'>Full text available via the UNC-Chapel Hill Libraries</subfield>
        <subfield code='u'>https://archive.org/details/velveteenrabbito0bian</subfield>
      </datafield>
      <datafield ind1=' ' ind2=' ' tag='907'>
        <subfield code='a'>b1045762</subfield>
      </datafield>
      <datafield ind1='9' ind2='1' tag='999'>
        <subfield code='i'>i1075370</subfield>
        <subfield code='l'>llar</subfield>
        <subfield code='s'>o</subfield>
        <subfield code='t'>22</subfield>
        <subfield code='c'>1</subfield>
        <subfield code='o'>2</subfield>
        <subfield code='b'>00022093672</subfield>
        <subfield code='p'>099#9</subfield>
        <subfield code='q'>|aJH Bianco</subfield>
      </datafield>
      <datafield ind1='0' ind2='0' tag='999'>
        <subfield code='a'>2004-10-01 00:00:00-04</subfield>
        <subfield code='c'>2004-09-27 13:08:00-04</subfield>
        <subfield code='u'>2016-09-23 10:50:44-04</subfield>
      </datafield>
  </record>