
  <record>
    <leader>00000cam  2200337Ia 4500</leader>
      <controlfield tag='008'>820514s1866    nyuaf         000 0 eng d</controlfield>
      <controlfield tag='007'>cr |||||||||||</controlfield>
      <controlfield tag='001'>1114041</controlfield>
      <controlfield tag='003'>OCoLC</controlfield>
      <controlfield tag='005'>20080417081944.0</controlfield>
      <datafield ind1=' ' ind2=' ' tag='010'>
        <subfield code='a'>07021484</subfield>
      </datafield>
      <datafield ind1='7' ind2=' ' tag='016'>
        <subfield code='a'>60341030R</subfield>
        <subfield code='2'>DNLM</subfield>
      </datafield>
      <datafield ind1=' ' ind2=' ' tag='019'>
        <subfield code='a'>38330117</subfield>
        <subfield code='a'>44190159</subfield>
      </datafield>
      <datafield ind1=' ' ind2=' ' tag='035'>
        <subfield code='a'>(OCoLC)1114041</subfield>
        <subfield code='z'>(OCoLC)38330117</subfield>
        <subfield code='z'>(OCoLC)44190159</subfield>
      </datafield>
      <datafield ind1=' ' ind2=' ' tag='040'>
        <subfield code='a'>DNLM</subfield>
        <subfield code='c'>NLM</subfield>
        <subfield code='d'>DLC</subfield>
        <subfield code='d'>IAU</subfield>
        <subfield code='d'>SER</subfield>
        <subfield code='d'>CGC</subfield>
        <subfield code='d'>OCLCQ</subfield>
        <subfield code='d'>NOC</subfield>
      </datafield>
      <datafield ind1=' ' ind2=' ' tag='049'>
        <subfield code='a'>NOCR</subfield>
      </datafield>
      <datafield ind1='0' ind2='0' tag='050'>
        <subfield code='a'>E467.1.D26</subfield>
        <subfield code='b'>C89</subfield>
      </datafield>
      <datafield ind1='1' ind2=' ' tag='100'>
        <subfield code='a'>Craven, John Joseph,</subfield>
        <subfield code='d'>1822-1893.</subfield>
      </datafield>
      <datafield ind1='1' ind2='0' tag='245'>
        <subfield code='a'>Prison life of Jefferson Davis :</subfield>
        <subfield code='b'>embracing details and incidents in his captivity, particulars concerning his health and habits, together with many conversations on topics of great public interest /</subfield>
        <subfield code='c'>John J. Craven.</subfield>
      </datafield>
      <datafield ind1=' ' ind2=' ' tag='260'>
        <subfield code='a'>New York :</subfield>
        <subfield code='b'>Carleton,</subfield>
        <subfield code='c'>1866.</subfield>
      </datafield>
      <datafield ind1=' ' ind2=' ' tag='300'>
        <subfield code='a'>377 p., [1] leaf of plates :</subfield>
        <subfield code='b'>ill. ;</subfield>
        <subfield code='c'>19 cm.</subfield>
      </datafield>
      <datafield ind1='1' ind2='0' tag='600'>
        <subfield code='a'>Davis, Jefferson,</subfield>
        <subfield code='d'>1808-1889.</subfield>
      </datafield>
      <datafield ind1='4' ind2='1' tag='856'>
        <subfield code='u'>http://name.umdl.umich.edu/ACP4963</subfield>
      </datafield>
      <datafield ind1=' ' ind2=' ' tag='907'>
        <subfield code='a'>b1238434</subfield>
      </datafield>
      <datafield ind1='9' ind2='1' tag='999'>
        <subfield code='i'>i1417181</subfield>
        <subfield code='l'>trlnc</subfield>
        <subfield code='s'>e</subfield>
        <subfield code='t'>0</subfield>
        <subfield code='c'>1</subfield>
        <subfield code='o'>1</subfield>
        <subfield code='b'>10000647855</subfield>
        <subfield code='p'>090##</subfield>
        <subfield code='q'>|aE467.1.D26 C89</subfield>
      </datafield>
      <datafield ind1='9' ind2='1' tag='999'>
        <subfield code='i'>i7309327</subfield>
        <subfield code='l'>wcda</subfield>
        <subfield code='s'>o</subfield>
        <subfield code='t'>0</subfield>
        <subfield code='c'>1</subfield>
        <subfield code='o'>0</subfield>
        <subfield code='b'>00030899047</subfield>
        <subfield code='p'>05000</subfield>
        <subfield code='q'>|aE467.1.D26|bC89</subfield>
        <subfield code='n'>Bound in terra-cotta sand grain (S) cloth binding; advertisements, undated, 8 p. for &quot;New Books&quot; published by Carleton at end of text.</subfield>
      </datafield>
      <datafield ind1='9' ind2='1' tag='999'>
        <subfield code='i'>i7309328</subfield>
        <subfield code='l'>wcda</subfield>
        <subfield code='s'>o</subfield>
        <subfield code='t'>0</subfield>
        <subfield code='c'>2</subfield>
        <subfield code='o'>0</subfield>
        <subfield code='b'>00030899056</subfield>
        <subfield code='p'>05000</subfield>
        <subfield code='q'>|aE467.1.D26|bC89</subfield>
        <subfield code='n'>Bound in green sand grain (S) cloth binding; advertisements, undated, s p. for &quot;New Books&quot; published by Carleton at end of text.</subfield>
      </datafield>
      <datafield ind1='9' ind2='2' tag='999'>
        <subfield code='a'>c4694850</subfield>
        <subfield code='b'>wcda</subfield>
        <subfield code='c'>0</subfield>
      </datafield>
      <datafield ind1='9' ind2='3' tag='999'>
        <subfield code='0'>c4694850</subfield>
        <subfield code='2'>852</subfield>
        <subfield code='3'>c</subfield>
        <subfield code='h'>E467.1.D26</subfield>
        <subfield code='i'>C89</subfield>
      </datafield>
      <datafield ind1='9' ind2='3' tag='999'>
        <subfield code='0'>c4694850</subfield>
        <subfield code='2'>852</subfield>
        <subfield code='3'>h</subfield>
        <subfield code='t'>c. 1</subfield>
        <subfield code='z'>Bound in terra-cotta sand grain (S) cloth binding; advertisements, undated, 8 p. for &quot;New Books&quot; published by Carleton at end of text.</subfield>
      </datafield>
      <datafield ind1='9' ind2='3' tag='999'>
        <subfield code='0'>c4694850</subfield>
        <subfield code='2'>852</subfield>
        <subfield code='3'>h</subfield>
        <subfield code='t'>c. 2</subfield>
        <subfield code='z'>Bound in green sand grain (S) cloth binding; advertisements, undated, s p. for &quot;New Books&quot; published by Carleton at end of text.</subfield>
      </datafield>
      <datafield ind1='0' ind2='0' tag='999'>
        <subfield code='a'>2008-04-17 00:00:00-04</subfield>
        <subfield code='c'>2004-09-27 16:29:00-04</subfield>
        <subfield code='u'>2017-11-07 15:41:23.382-05</subfield>
      </datafield>
  </record>