
  <record>
    <leader>00000cam a22003851a 4500</leader>
      <controlfield tag='008'>720203s1965    nyuag         001 0aeng  </controlfield>
      <controlfield tag='001'>233495</controlfield>
      <controlfield tag='003'>OCoLC</controlfield>
      <controlfield tag='005'>20130729023223.0</controlfield>
      <datafield ind1=' ' ind2=' ' tag='010'>
        <subfield code='a'>65016635</subfield>
      </datafield>
      <datafield ind1=' ' ind2=' ' tag='035'>
        <subfield code='a'>(OCoLC)233495</subfield>
      </datafield>
      <datafield ind1=' ' ind2=' ' tag='040'>
        <subfield code='a'>DLC</subfield>
        <subfield code='b'>eng</subfield>
        <subfield code='c'>OUN</subfield>
        <subfield code='d'>DLC</subfield>
        <subfield code='d'>BTCTA</subfield>
        <subfield code='d'>OHRRH</subfield>
        <subfield code='d'>NOC</subfield>
      </datafield>
      <datafield ind1=' ' ind2=' ' tag='049'>
        <subfield code='a'>NOCR</subfield>
      </datafield>
      <datafield ind1='0' ind2='0' tag='050'>
        <subfield code='a'>ML410.B779</subfield>
        <subfield code='b'>B6</subfield>
      </datafield>
      <datafield ind1=' ' ind2='4' tag='082'>
        <subfield code='a'>927.8</subfield>
      </datafield>
      <datafield ind1='1' ind2=' ' tag='100'>
        <subfield code='a'>Bradford, Perry,</subfield>
        <subfield code='e'>author,</subfield>
        <subfield code='e'>composer.</subfield>
      </datafield>
      <datafield ind1='1' ind2='0' tag='245'>
        <subfield code='a'>Born with the blues :</subfield>
        <subfield code='b'>Perry Bradford&apos;s own story : the true story of the pioneering blues singers and musicians in the early days of jazz /</subfield>
        <subfield code='c'>by Perry Bradford.</subfield>
      </datafield>
      <datafield ind1='3' ind2='0' tag='246'>
        <subfield code='a'>Perry Bradford&apos;s own story</subfield>
      </datafield>
      <datafield ind1=' ' ind2=' ' tag='260'>
        <subfield code='a'>New York, N.Y. :</subfield>
        <subfield code='b'>Oak Publications,</subfield>
        <subfield code='c'>c1965.</subfield>
      </datafield>
      <datafield ind1=' ' ind2=' ' tag='300'>
        <subfield code='a'>175 p. :</subfield>
        <subfield code='b'>ill., music ;</subfield>
        <subfield code='c'>26 cm.</subfield>
      </datafield>
      <datafield ind1=' ' ind2=' ' tag='500'>
        <subfield code='a'>&quot;The salty and uninhibited autobiography of one of the greatest of the old-time jazz pioneers ; Including ten original Perry Bradford songs and more than 50 pages of photographs&quot;--Cover.</subfield>
      </datafield>
      <datafield ind1=' ' ind2=' ' tag='500'>
        <subfield code='a'>Includes index.</subfield>
      </datafield>
      <datafield ind1='1' ind2='0' tag='600'>
        <subfield code='a'>Bradford, Perry.</subfield>
      </datafield>
      <datafield ind1=' ' ind2='0' tag='650'>
        <subfield code='a'>African American musicians</subfield>
        <subfield code='v'>Biography.</subfield>
      </datafield>
      <datafield ind1=' ' ind2='0' tag='650'>
        <subfield code='a'>Composers, Black</subfield>
        <subfield code='v'>Biography.</subfield>
      </datafield>
      <datafield ind1=' ' ind2='0' tag='650'>
        <subfield code='a'>Blues (Music)</subfield>
        <subfield code='x'>History and criticism.</subfield>
      </datafield>
      <datafield ind1='1' ind2=' ' tag='700'>
        <subfield code='a'>Green, Archie,</subfield>
        <subfield code='e'>former owner (RBC)</subfield>
      </datafield>
      <datafield ind1='0' ind2=' ' tag='740'>
        <subfield code='a'>Archie Green Collection.</subfield>
      </datafield>
      <datafield ind1='4' ind2='2' tag='856'>
        <subfield code='3'>Finding aid to the Archie Green archival collection</subfield>
        <subfield code='u'>http://finding-aids.lib.unc.edu/20002/</subfield>
      </datafield>
      <datafield ind1=' ' ind2=' ' tag='919'>
        <subfield code='a'>590 Touched / wkg</subfield>
      </datafield>
      <datafield ind1=' ' ind2=' ' tag='907'>
        <subfield code='a'>b1059806</subfield>
      </datafield>
      <datafield ind1='9' ind2='1' tag='999'>
        <subfield code='i'>i1100692</subfield>
        <subfield code='l'>mmda</subfield>
        <subfield code='s'>-</subfield>
        <subfield code='t'>0</subfield>
        <subfield code='c'>1</subfield>
        <subfield code='o'>3</subfield>
        <subfield code='b'>00008070552</subfield>
        <subfield code='p'>090##</subfield>
        <subfield code='q'>|aML410.B779 B6</subfield>
      </datafield>
      <datafield ind1='9' ind2='1' tag='999'>
        <subfield code='i'>i10068420</subfield>
        <subfield code='l'>wcda</subfield>
        <subfield code='s'>o</subfield>
        <subfield code='t'>0</subfield>
        <subfield code='c'>1</subfield>
        <subfield code='o'>0</subfield>
        <subfield code='b'>00038176071</subfield>
        <subfield code='p'>099#9</subfield>
        <subfield code='q'>|aGreen|a63</subfield>
      </datafield>
      <datafield ind1='0' ind2='0' tag='999'>
        <subfield code='a'>2013-07-29 00:00:00-04</subfield>
        <subfield code='c'>2004-09-27 13:09:49-04</subfield>
        <subfield code='u'>2017-02-23 08:40:26-05</subfield>
      </datafield>
  </record>