
  <record>
    <leader>00000cam a2200481Ia 4500</leader>
      <controlfield tag='008'>750827s1949    fr            000 j rusx </controlfield>
      <controlfield tag='001'>1575428</controlfield>
      <controlfield tag='003'>OCoLC</controlfield>
      <controlfield tag='005'>20100513093709.0</controlfield>
      <datafield ind1=' ' ind2=' ' tag='010'>
        <subfield code='a'>52025449</subfield>
      </datafield>
      <datafield ind1=' ' ind2=' ' tag='035'>
        <subfield code='a'>(OCoLC)1575428</subfield>
      </datafield>
      <datafield ind1=' ' ind2=' ' tag='040'>
        <subfield code='a'>DLC</subfield>
        <subfield code='c'>WOO</subfield>
        <subfield code='d'>STF</subfield>
        <subfield code='d'>NLE</subfield>
        <subfield code='d'>UBY</subfield>
      </datafield>
      <datafield ind1=' ' ind2=' ' tag='049'>
        <subfield code='a'>RBCS</subfield>
      </datafield>
      <datafield ind1='0' ind2='0' tag='050'>
        <subfield code='a'>PG3476.B425</subfield>
        <subfield code='b'>O2</subfield>
      </datafield>
      <datafield ind1=' ' ind2=' ' tag='066'>
        <subfield code='c'>(N</subfield>
      </datafield>
      <datafield ind1='1' ind2=' ' tag='100'>
        <subfield code='6'>880-01</subfield>
        <subfield code='a'>Berberova, N.</subfield>
        <subfield code='q'>(Nina)</subfield>
      </datafield>
      <datafield ind1='1' ind2='0' tag='245'>
        <subfield code='6'>880-02</subfield>
        <subfield code='a'>Oblegchenie uchasti :</subfield>
        <subfield code='b'>shestʹ povesteĭ /</subfield>
        <subfield code='c'>N. Berberova.</subfield>
      </datafield>
      <datafield ind1=' ' ind2=' ' tag='260'>
        <subfield code='6'>880-03</subfield>
        <subfield code='a'>Parizh :</subfield>
        <subfield code='b'>YMCA-Press,</subfield>
        <subfield code='c'>1949.</subfield>
      </datafield>
      <datafield ind1=' ' ind2=' ' tag='300'>
        <subfield code='a'>277 p. ;</subfield>
        <subfield code='c'>20 cm.</subfield>
      </datafield>
      <datafield ind1=' ' ind2=' ' tag='500'>
        <subfield code='a'>Books with Autographs (S22).</subfield>
      </datafield>
      <datafield ind1=' ' ind2=' ' tag='500'>
        <subfield code='6'>880-05</subfield>
        <subfield code='a'>Savine Collection copy is author&apos;s presentation copy to Natalʹ︠i︡a Aleksandrovna Ilʹina. Inscription on flyleaf: &quot;Mnogouvazhaemoĭ Natalʹe Aleksandrovne Ilʹinoĭ na dobru︠i︡u pam︠i︡atʹ o kratkoĭ vstreche i s glubokoĭ blagodarnostʹ︠i︡u. N. Berberova. Paris 1950.&quot;</subfield>
      </datafield>
      <datafield ind1='0' ind2=' ' tag='505'>
        <subfield code='6'>880-04</subfield>
        <subfield code='a'>Akkompaniatorsha -- Oblegchenie uchasti -- Rokanvalʹ -- Lakeĭ i devka -- Voskreshenie Mo︠t︡sarta -- Plach.</subfield>
      </datafield>
      <datafield ind1=' ' ind2='0' tag='650'>
        <subfield code='a'>Short stories, Russian.</subfield>
      </datafield>
      <datafield ind1=' ' ind2='7' tag='655'>
        <subfield code='a'>Russian émigré short stories.</subfield>
        <subfield code='2'>local</subfield>
      </datafield>
      <datafield ind1=' ' ind2='7' tag='655'>
        <subfield code='a'>Author&apos;s presentation copies (Provenance)</subfield>
        <subfield code='z'>France</subfield>
        <subfield code='z'>Paris</subfield>
        <subfield code='y'>20th century.</subfield>
        <subfield code='2'>rbprov</subfield>
      </datafield>
      <datafield ind1='2' ind2=' ' tag='710'>
        <subfield code='a'>André Savine Collection (University of North Carolina at Chapel Hill)</subfield>
      </datafield>
      <datafield ind1='0' ind2=' ' tag='740'>
        <subfield code='a'>André Savine Collection.</subfield>
      </datafield>
      <datafield ind1='0' ind2='8' tag='776'>
        <subfield code='i'>Online version:</subfield>
        <subfield code='a'>Berberova, Nina Nikolaevna.</subfield>
        <subfield code='t'>Oblegchenie uchasti.</subfield>
        <subfield code='d'>Parizh, YMCA Press [1949]</subfield>
        <subfield code='w'>(OCoLC)551348699</subfield>
      </datafield>
      <datafield ind1='4' ind2='2' tag='856'>
        <subfield code='3'>More information about this item in: Russia Beyond Russia: The André Savine Digital Library</subfield>
        <subfield code='u'>http://dc.lib.unc.edu/cdm/item/collection/rbr/?id=28062</subfield>
      </datafield>
      <datafield ind1='1' ind2=' ' tag='880'>
        <subfield code='6'>100-01/(N</subfield>
        <subfield code='a'>Берберова, H.</subfield>
        <subfield code='q'>(Нина)</subfield>
      </datafield>
      <datafield ind1='1' ind2='0' tag='880'>
        <subfield code='6'>245-02/(N</subfield>
        <subfield code='a'>Облегчение участи :</subfield>
        <subfield code='b'>шесть повестей /</subfield>
        <subfield code='c'>Н. Берберова.</subfield>
      </datafield>
      <datafield ind1=' ' ind2=' ' tag='880'>
        <subfield code='6'>260-03/(N</subfield>
        <subfield code='a'>Париж :</subfield>
        <subfield code='b'>YMCA-Press,</subfield>
        <subfield code='c'>1949.</subfield>
      </datafield>
      <datafield ind1='0' ind2=' ' tag='880'>
        <subfield code='6'>505-04/(N</subfield>
        <subfield code='a'>Аккомпаниаторша -- Облегчение участи -- Роканваль -- Лакей и девка -- Воскрешение Моцарта -- Плач.</subfield>
      </datafield>
      <datafield ind1=' ' ind2=' ' tag='880'>
        <subfield code='6'>500-05/(N</subfield>
        <subfield code='a'>Savine Collection copy is author&apos;s presentation copy to Natalʹ︠i︡a Aleksandrovna Ilʹina. Inscription on flyleaf: &quot;Многоуважаемой Наталье Александровне Ильиной на добрую память о краткой встрече и с глубокой благодарностью. Н. Берберова. Paris 1950.&quot;</subfield>
      </datafield>
      <datafield ind1=' ' ind2=' ' tag='919'>
        <subfield code='a'>590 Touched / wkg</subfield>
      </datafield>
      <datafield ind1=' ' ind2=' ' tag='907'>
        <subfield code='a'>b1302106</subfield>
      </datafield>
      <datafield ind1='9' ind2='1' tag='999'>
        <subfield code='i'>i1606667</subfield>
        <subfield code='l'>trln</subfield>
        <subfield code='s'>-</subfield>
        <subfield code='t'>0</subfield>
        <subfield code='c'>1</subfield>
        <subfield code='o'>0</subfield>
        <subfield code='b'>00001642930</subfield>
        <subfield code='p'>090##</subfield>
        <subfield code='q'>|aPG3476.B425 O2</subfield>
      </datafield>
      <datafield ind1='9' ind2='1' tag='999'>
        <subfield code='i'>i8286268</subfield>
        <subfield code='l'>wcsa</subfield>
        <subfield code='s'>o</subfield>
        <subfield code='t'>0</subfield>
        <subfield code='c'>1</subfield>
        <subfield code='o'>0</subfield>
        <subfield code='b'>00037445700</subfield>
        <subfield code='p'>05000</subfield>
        <subfield code='q'>|aPG3476.B425|bO2</subfield>
      </datafield>
      <datafield ind1='0' ind2='0' tag='999'>
        <subfield code='a'>2010-05-13 00:00:00-04</subfield>
        <subfield code='c'>2004-09-27 18:43:00-04</subfield>
        <subfield code='u'>2017-02-24 11:24:22-05</subfield>
      </datafield>
  </record>