
  <record>
    <leader>00000nem  2200469Ka 4500</leader>
      <controlfield tag='008'>111017s2003    cau    zz z  zs 0 z eng d</controlfield>
      <controlfield tag='007'>cr zn ---mucmu</controlfield>
      <controlfield tag='001'>778794202</controlfield>
      <datafield ind1='1' ind2=' ' tag='034'>
        <subfield code='a'>a</subfield>
        <subfield code='b'>25000</subfield>
        <subfield code='d'>-31.271601</subfield>
        <subfield code='e'>66.096001</subfield>
        <subfield code='f'>71.183701</subfield>
        <subfield code='g'>27.637400</subfield>
      </datafield>
      <datafield ind1='2' ind2=' ' tag='110'>
        <subfield code='a'>GfK Marktforschung.</subfield>
      </datafield>
      <datafield ind1='1' ind2='0' tag='245'>
        <subfield code='a'>Europe Province/State Demographics</subfield>
        <subfield code='h'>[electronic resource].</subfield>
      </datafield>
      <datafield ind1=' ' ind2=' ' tag='255'>
        <subfield code='a'>Scale 1:25,000</subfield>
        <subfield code='c'>(-31.271601 -- 66.096001/71.183701 -- 27.637400).</subfield>
      </datafield>
      <datafield ind1=' ' ind2=' ' tag='260'>
        <subfield code='a'>Redlands, California, USA:</subfield>
        <subfield code='b'>Esri,</subfield>
        <subfield code='c'>2003.</subfield>
      </datafield>
      <datafield ind1=' ' ind2=' ' tag='270'>
        <subfield code='a'>380 New York Street</subfield>
        <subfield code='b'>Redlands</subfield>
        <subfield code='c'>California</subfield>
        <subfield code='d'>USA</subfield>
        <subfield code='e'>92373-8100</subfield>
        <subfield code='k'>909-793-2853</subfield>
        <subfield code='m'>info@esri.com</subfield>
        <subfield code='r'>8:00 a.m.-5:30 p.m. Pacific time, Monday-Friday</subfield>
      </datafield>
      <datafield ind1=' ' ind2=' ' tag='300'>
        <subfield code='a'>1 online resource.</subfield>
      </datafield>
      <datafield ind1='0' ind2='0' tag='342'>
        <subfield code='b'>Decimal degrees</subfield>
        <subfield code='c'>0.000001</subfield>
        <subfield code='d'>0.000001</subfield>
      </datafield>
      <datafield ind1=' ' ind2=' ' tag='352'>
        <subfield code='a'>Vector.</subfield>
      </datafield>
      <datafield ind1=' ' ind2=' ' tag='500'>
        <subfield code='a'>Europe Province/State Demographics provides near province-level demographic information for Europe.</subfield>
      </datafield>
      <datafield ind1=' ' ind2=' ' tag='500'>
        <subfield code='a'>Largest scale when displaying the data: 1:25,000.</subfield>
      </datafield>
      <datafield ind1=' ' ind2=' ' tag='500'>
        <subfield code='a'>Vector digital data.</subfield>
      </datafield>
      <datafield ind1=' ' ind2=' ' tag='506'>
        <subfield code='a'>Access granted to Licensee only.</subfield>
      </datafield>
      <datafield ind1=' ' ind2=' ' tag='514'>
        <subfield code='d'>No duplicate features are present.</subfield>
        <subfield code='e'>After processing, the data set is checked for drawing display and number of records and file sizes compared with source materials.</subfield>
        <subfield code='f'>The positional accuracy is unknown.</subfield>
      </datafield>
      <datafield ind1=' ' ind2=' ' tag='520'>
        <subfield code='a'>Europe Province/State Demographics represents over 600 areas of Europe, which in most cases, are provinces, multiple provinces or countries.</subfield>
      </datafield>
      <datafield ind1=' ' ind2=' ' tag='530'>
        <subfield code='a'>Also available on DVD.</subfield>
      </datafield>
      <datafield ind1=' ' ind2=' ' tag='588'>
        <subfield code='a'>Descriptive metadata copyrighted by Esri and used by permission.</subfield>
      </datafield>
      <datafield ind1=' ' ind2='0' tag='650'>
        <subfield code='a'>Boundaries.</subfield>
      </datafield>
      <datafield ind1=' ' ind2='0' tag='651'>
        <subfield code='a'>Europe</subfield>
        <subfield code='v'>Maps</subfield>
        <subfield code='v'>Databases.</subfield>
      </datafield>
      <datafield ind1=' ' ind2='0' tag='653'>
        <subfield code='a'>Countries.</subfield>
      </datafield>
      <datafield ind1=' ' ind2='0' tag='653'>
        <subfield code='a'>Demographics.</subfield>
      </datafield>
      <datafield ind1=' ' ind2='0' tag='653'>
        <subfield code='a'>Maps</subfield>
        <subfield code='a'>Digital.</subfield>
      </datafield>
      <datafield ind1=' ' ind2='0' tag='653'>
        <subfield code='a'>Polygon.</subfield>
      </datafield>
      <datafield ind1=' ' ind2='0' tag='653'>
        <subfield code='a'>Provinces.</subfield>
      </datafield>
      <datafield ind1=' ' ind2='0' tag='653'>
        <subfield code='a'>Society.</subfield>
      </datafield>
      <datafield ind1=' ' ind2='5' tag='653'>
        <subfield code='a'>Europe.</subfield>
      </datafield>
      <datafield ind1=' ' ind2='7' tag='655'>
        <subfield code='a'>Geospatial data.</subfield>
        <subfield code='2'>lcgft</subfield>
      </datafield>
      <datafield ind1='0' ind2='8' tag='787'>
        <subfield code='i'>Originally issued on DVD-ROM:</subfield>
        <subfield code='t'>Esri data &amp; maps, 2003</subfield>
        <subfield code='n'>Located on Esri Data &amp; Maps 2003 (DVD) Europe \demogrph</subfield>
        <subfield code='w'>(OCoLC)51963129</subfield>
      </datafield>
      <datafield ind1='4' ind2='2' tag='856'>
        <subfield code='u'>http://cdn.lib.unc.edu/gis/thumbnails/b68556469.jpg</subfield>
        <subfield code='3'>Thumbnail image</subfield>
      </datafield>
      <datafield ind1='4' ind2='0' tag='856'>
        <subfield code='y'>DOWNLOAD DATA HERE</subfield>
        <subfield code='u'>http://spruce.lib.unc.edu.libproxy.lib.unc.edu/content/gis/esri/dm03/europe/demog.zip</subfield>
      </datafield>
      <datafield ind1=' ' ind2=' ' tag='919'>
        <subfield code='a'>EsriDatasets</subfield>
      </datafield>
      <datafield ind1=' ' ind2=' ' tag='907'>
        <subfield code='a'>b6855646</subfield>
      </datafield>
      <datafield ind1='9' ind2='1' tag='999'>
        <subfield code='i'>i9142759</subfield>
        <subfield code='l'>dcyeb</subfield>
        <subfield code='s'>o</subfield>
        <subfield code='t'>43</subfield>
        <subfield code='c'>1</subfield>
        <subfield code='o'>0</subfield>
        <subfield code='p'>099#9</subfield>
        <subfield code='q'>|a10-856</subfield>
        <subfield code='n'>2003</subfield>
      </datafield>
      <datafield ind1='0' ind2='0' tag='999'>
        <subfield code='a'>2011-10-17 00:00:00-04</subfield>
        <subfield code='c'>2011-10-17 14:36:00-04</subfield>
        <subfield code='u'>2016-10-27 15:52:34-04</subfield>
      </datafield>
  </record>