
  <record>
    <leader>00000cam  2200421Ia 4500</leader>
      <controlfield tag='008'>100920s2010    enk      b    001 0 eng d</controlfield>
      <controlfield tag='001'>664616502</controlfield>
      <controlfield tag='003'>OCoLC</controlfield>
      <controlfield tag='005'>20110103113354.0</controlfield>
      <datafield ind1=' ' ind2=' ' tag='020'>
        <subfield code='a'>9780745651637 (hardback)</subfield>
      </datafield>
      <datafield ind1=' ' ind2=' ' tag='020'>
        <subfield code='a'>0745651631 (hardback)</subfield>
      </datafield>
      <datafield ind1=' ' ind2=' ' tag='020'>
        <subfield code='a'>9780745651644 (paperback)</subfield>
      </datafield>
      <datafield ind1=' ' ind2=' ' tag='020'>
        <subfield code='a'>074565164X (paperback)</subfield>
      </datafield>
      <datafield ind1=' ' ind2=' ' tag='035'>
        <subfield code='a'>(OCoLC)664616502</subfield>
      </datafield>
      <datafield ind1=' ' ind2=' ' tag='040'>
        <subfield code='a'>SIMAS</subfield>
        <subfield code='c'>SIMAS</subfield>
        <subfield code='d'>PIT</subfield>
        <subfield code='d'>CDX</subfield>
        <subfield code='d'>BWX</subfield>
        <subfield code='d'>CBU</subfield>
      </datafield>
      <datafield ind1=' ' ind2=' ' tag='049'>
        <subfield code='a'>NOCC</subfield>
      </datafield>
      <datafield ind1=' ' ind2='4' tag='050'>
        <subfield code='a'>HB3717 2008</subfield>
        <subfield code='b'>.D384 2010</subfield>
      </datafield>
      <datafield ind1=' ' ind2='4' tag='082'>
        <subfield code='a'>330</subfield>
      </datafield>
      <datafield ind1='1' ind2=' ' tag='100'>
        <subfield code='a'>Davies, H.</subfield>
        <subfield code='q'>(Howard),</subfield>
        <subfield code='d'>1951-</subfield>
      </datafield>
      <datafield ind1='1' ind2='4' tag='245'>
        <subfield code='a'>The financial crisis :</subfield>
        <subfield code='b'>who is to blame? /</subfield>
        <subfield code='c'>Howard Davies.</subfield>
      </datafield>
      <datafield ind1=' ' ind2=' ' tag='260'>
        <subfield code='a'>Cambridge, MA.:</subfield>
        <subfield code='b'>Polity Press,</subfield>
        <subfield code='c'>c2010.</subfield>
      </datafield>
      <datafield ind1=' ' ind2=' ' tag='300'>
        <subfield code='a'>229 p. ;</subfield>
        <subfield code='c'>23 cm.</subfield>
      </datafield>
      <datafield ind1=' ' ind2=' ' tag='504'>
        <subfield code='a'>Includes bibliographical references and index.</subfield>
      </datafield>
      <datafield ind1='0' ind2=' ' tag='520'>
        <subfield code='a'>&quot;There is still no consensus on who or what caused the financial crisis which engulfed the world, beginning in the summer of 2007. A huge number of suspects have been identified, from greedy investment bankers, through feckless borrowers, dilatory regulators and myopic central bankers to violent video games and high levels of testosterone among the denizens of trading floors. There is not even agreement on whether the crisis shows a need for more government intervention in markets, or less: some maintain that government encouragement of home ownership lay at the heart of the problem in the US, in particular. In The Financial Crisis Howard Davies charts a course through these arguments, and the evidence advanced for each of them. The reader can thereby assess the weight to be attached to each, and the likely effectiveness of the remedies under development.&quot;- -Description viewed from website on 21 Sept. 2010.</subfield>
      </datafield>
      <datafield ind1=' ' ind2='0' tag='650'>
        <subfield code='a'>Global Financial Crisis, 2008-2009.</subfield>
      </datafield>
      <datafield ind1=' ' ind2='0' tag='650'>
        <subfield code='a'>Subprime mortgage loans</subfield>
        <subfield code='z'>United States.</subfield>
      </datafield>
      <datafield ind1=' ' ind2='0' tag='650'>
        <subfield code='a'>Bank failures</subfield>
        <subfield code='z'>United States.</subfield>
      </datafield>
      <datafield ind1=' ' ind2='0' tag='650'>
        <subfield code='a'>Banking law</subfield>
        <subfield code='z'>United States.</subfield>
      </datafield>
      <datafield ind1=' ' ind2='0' tag='650'>
        <subfield code='a'>Off balance sheet financing</subfield>
        <subfield code='z'>United States.</subfield>
      </datafield>
      <datafield ind1=' ' ind2='0' tag='650'>
        <subfield code='a'>Intervention (Federal government)</subfield>
        <subfield code='z'>United States.</subfield>
      </datafield>
      <datafield ind1=' ' ind2='0' tag='650'>
        <subfield code='a'>Credit ratings</subfield>
        <subfield code='z'>United States.</subfield>
      </datafield>
      <datafield ind1='4' ind2='8' tag='856'>
        <subfield code='a'>Description and Table of contents</subfield>
        <subfield code='u'>http://politybooks.com/bookdetail?isbn=9780745651637</subfield>
      </datafield>
      <datafield ind1=' ' ind2=' ' tag='907'>
        <subfield code='a'>b6477066</subfield>
      </datafield>
      <datafield ind1='9' ind2='1' tag='999'>
        <subfield code='i'>i8533698</subfield>
        <subfield code='l'>ddda</subfield>
        <subfield code='s'>-</subfield>
        <subfield code='t'>0</subfield>
        <subfield code='c'>1</subfield>
        <subfield code='o'>3</subfield>
        <subfield code='b'>00038068508</subfield>
        <subfield code='p'>050#4</subfield>
        <subfield code='q'>|aHB3717 2008|b.D384 2010</subfield>
      </datafield>
      <datafield ind1='0' ind2='0' tag='999'>
        <subfield code='a'>2011-01-03 00:00:00-05</subfield>
        <subfield code='c'>2010-12-06 09:34:00-05</subfield>
        <subfield code='u'>2017-11-10 22:24:25.892-05</subfield>
      </datafield>
  </record>