
  <record>
    <leader>00000cas  2200805 a 4500</leader>
      <controlfield tag='008'>750625c19719999dcuar        f0   a0eng  </controlfield>
      <controlfield tag='001'>1798567</controlfield>
      <controlfield tag='003'>OCoLC</controlfield>
      <controlfield tag='005'>20080606094513.0</controlfield>
      <datafield ind1=' ' ind2=' ' tag='010'>
        <subfield code='a'>75640915</subfield>
      </datafield>
      <datafield ind1=' ' ind2=' ' tag='019'>
        <subfield code='a'>1001521</subfield>
        <subfield code='a'>2708828</subfield>
      </datafield>
      <datafield ind1='0' ind2=' ' tag='022'>
        <subfield code='a'>0096-8854</subfield>
        <subfield code='2'>1</subfield>
      </datafield>
      <datafield ind1=' ' ind2=' ' tag='035'>
        <subfield code='a'>(OCoLC)1798567</subfield>
        <subfield code='z'>(OCoLC)1001521</subfield>
        <subfield code='z'>(OCoLC)2708828</subfield>
      </datafield>
      <datafield ind1=' ' ind2=' ' tag='040'>
        <subfield code='a'>DLC</subfield>
        <subfield code='c'>DLC</subfield>
        <subfield code='d'>OCL</subfield>
        <subfield code='d'>GPO</subfield>
        <subfield code='d'>OCL</subfield>
        <subfield code='d'>GPO</subfield>
        <subfield code='d'>NST</subfield>
        <subfield code='d'>GPO</subfield>
        <subfield code='d'>HUL</subfield>
        <subfield code='d'>GPO</subfield>
        <subfield code='d'>SYS</subfield>
        <subfield code='d'>GPO</subfield>
        <subfield code='d'>SLU</subfield>
        <subfield code='d'>GPO</subfield>
      </datafield>
      <datafield ind1=' ' ind2=' ' tag='042'>
        <subfield code='a'>lc</subfield>
        <subfield code='a'>nsdp</subfield>
      </datafield>
      <datafield ind1=' ' ind2=' ' tag='043'>
        <subfield code='a'>n-us---</subfield>
      </datafield>
      <datafield ind1=' ' ind2=' ' tag='049'>
        <subfield code='a'>NDOL</subfield>
      </datafield>
      <datafield ind1='0' ind2='0' tag='050'>
        <subfield code='a'>KF8719</subfield>
        <subfield code='b'>.A34</subfield>
      </datafield>
      <datafield ind1=' ' ind2=' ' tag='082'>
        <subfield code='a'>347.73/2</subfield>
      </datafield>
      <datafield ind1='0' ind2=' ' tag='086'>
        <subfield code='a'>Ju 13.1:</subfield>
      </datafield>
      <datafield ind1='2' ind2=' ' tag='110'>
        <subfield code='a'>Federal Judicial Center.</subfield>
      </datafield>
      <datafield ind1=' ' ind2='0' tag='222'>
        <subfield code='a'>Annual report - Federal Judicial Center</subfield>
      </datafield>
      <datafield ind1='1' ind2='0' tag='245'>
        <subfield code='a'>Annual report /</subfield>
        <subfield code='c'>Federal Judicial Center.</subfield>
      </datafield>
      <datafield ind1=' ' ind2=' ' tag='260'>
        <subfield code='a'>Washington, D.C. :</subfield>
        <subfield code='b'>Federal Judicial Center,</subfield>
        <subfield code='c'>[1971-</subfield>
      </datafield>
      <datafield ind1=' ' ind2=' ' tag='300'>
        <subfield code='a'>v. ;</subfield>
        <subfield code='c'>23-27 cm.</subfield>
      </datafield>
      <datafield ind1=' ' ind2=' ' tag='310'>
        <subfield code='a'>Annual</subfield>
      </datafield>
      <datafield ind1='0' ind2=' ' tag='362'>
        <subfield code='a'>1971-</subfield>
      </datafield>
      <datafield ind1=' ' ind2=' ' tag='500'>
        <subfield code='a'>Distributed to depository libraries in microfiche; avaiable to depository libraries electronically.</subfield>
      </datafield>
      <datafield ind1=' ' ind2=' ' tag='500'>
        <subfield code='a'>Title from cover.</subfield>
      </datafield>
      <datafield ind1=' ' ind2=' ' tag='515'>
        <subfield code='a'>Report covers fiscal year.</subfield>
      </datafield>
      <datafield ind1=' ' ind2=' ' tag='530'>
        <subfield code='a'>Some issues also available via the Internet at the FJC web site. Address as of 4/2/2002: http://www.fjc.gov/newweb/jnetweb.nsf/ismrecentpublications?OpenFrameSet; current access is available via PURL.</subfield>
      </datafield>
      <datafield ind1='2' ind2='0' tag='610'>
        <subfield code='a'>Federal Judicial Center</subfield>
        <subfield code='v'>Periodicals.</subfield>
      </datafield>
      <datafield ind1='1' ind2=' ' tag='776'>
        <subfield code='c'>Microfiche</subfield>
        <subfield code='d'>Supt. of Docs., U.S. G.P.O.</subfield>
        <subfield code='w'>(DLC)sn 87020784</subfield>
        <subfield code='w'>(OCoLC)8961422</subfield>
      </datafield>
      <datafield ind1='0' ind2='0' tag='780'>
        <subfield code='a'>Federal Judicial Center</subfield>
        <subfield code='t'>Annual report of the Federal Judicial Center to the Judicial Conference of the United States</subfield>
        <subfield code='w'>(DLC)sn 87018810</subfield>
        <subfield code='w'>(OCoLC)17255009</subfield>
      </datafield>
      <datafield ind1='4' ind2='1' tag='856'>
        <subfield code='u'>http://purl.access.gpo.gov/GPO/LPS18485</subfield>
      </datafield>
      <datafield ind1=' ' ind2=' ' tag='907'>
        <subfield code='a'>b1329180</subfield>
      </datafield>
      <datafield ind1='9' ind2='1' tag='999'>
        <subfield code='i'>i1797401</subfield>
        <subfield code='l'>dcpfb</subfield>
        <subfield code='s'>o</subfield>
        <subfield code='t'>20</subfield>
        <subfield code='c'>1</subfield>
        <subfield code='o'>0</subfield>
        <subfield code='b'>HBFY-4258-00001</subfield>
        <subfield code='p'>0860#</subfield>
        <subfield code='q'>|aJu 13.1:</subfield>
      </datafield>
      <datafield ind1='9' ind2='1' tag='999'>
        <subfield code='i'>i1797402</subfield>
        <subfield code='l'>dcpfb</subfield>
        <subfield code='s'>o</subfield>
        <subfield code='t'>20</subfield>
        <subfield code='c'>1</subfield>
        <subfield code='o'>0</subfield>
        <subfield code='b'>HBBE-0592-00001</subfield>
        <subfield code='p'>0860#</subfield>
        <subfield code='q'>|aJu 13.1:</subfield>
      </datafield>
      <datafield ind1='9' ind2='1' tag='999'>
        <subfield code='i'>i1797403</subfield>
        <subfield code='l'>kdoc</subfield>
        <subfield code='s'>o</subfield>
        <subfield code='t'>3</subfield>
        <subfield code='c'>1</subfield>
        <subfield code='o'>0</subfield>
        <subfield code='b'>L00115262H</subfield>
        <subfield code='p'>0860#</subfield>
        <subfield code='q'>|aJu 13 .1:</subfield>
        <subfield code='v'>968/69</subfield>
      </datafield>
      <datafield ind1='9' ind2='1' tag='999'>
        <subfield code='i'>i1797404</subfield>
        <subfield code='l'>kdoc</subfield>
        <subfield code='s'>o</subfield>
        <subfield code='t'>3</subfield>
        <subfield code='c'>1</subfield>
        <subfield code='o'>0</subfield>
        <subfield code='b'>L00115263I</subfield>
        <subfield code='p'>0860#</subfield>
        <subfield code='q'>|aJu 13 .1:</subfield>
        <subfield code='v'>969</subfield>
      </datafield>
      <datafield ind1='9' ind2='1' tag='999'>
        <subfield code='i'>i1797405</subfield>
        <subfield code='l'>kdoc</subfield>
        <subfield code='s'>o</subfield>
        <subfield code='t'>3</subfield>
        <subfield code='c'>1</subfield>
        <subfield code='o'>0</subfield>
        <subfield code='b'>L00115264J</subfield>
        <subfield code='p'>0860#</subfield>
        <subfield code='q'>|aJu 13 .1:</subfield>
        <subfield code='v'>970</subfield>
      </datafield>
      <datafield ind1='9' ind2='1' tag='999'>
        <subfield code='i'>i1797406</subfield>
        <subfield code='l'>kdoc</subfield>
        <subfield code='s'>o</subfield>
        <subfield code='t'>3</subfield>
        <subfield code='c'>1</subfield>
        <subfield code='o'>0</subfield>
        <subfield code='b'>L00115265K</subfield>
        <subfield code='p'>0860#</subfield>
        <subfield code='q'>|aJu 13 .1:</subfield>
        <subfield code='v'>971</subfield>
      </datafield>
      <datafield ind1='9' ind2='1' tag='999'>
        <subfield code='i'>i1797407</subfield>
        <subfield code='l'>kdoc</subfield>
        <subfield code='s'>o</subfield>
        <subfield code='t'>3</subfield>
        <subfield code='c'>1</subfield>
        <subfield code='o'>0</subfield>
        <subfield code='b'>L00115266L</subfield>
        <subfield code='p'>0860#</subfield>
        <subfield code='q'>|aJu 13 .1:</subfield>
        <subfield code='v'>972</subfield>
      </datafield>
      <datafield ind1='9' ind2='1' tag='999'>
        <subfield code='i'>i1797408</subfield>
        <subfield code='l'>kdoc</subfield>
        <subfield code='s'>o</subfield>
        <subfield code='t'>3</subfield>
        <subfield code='c'>1</subfield>
        <subfield code='o'>0</subfield>
        <subfield code='b'>L00115267M</subfield>
        <subfield code='p'>0860#</subfield>
        <subfield code='q'>|aJu 13 .1:</subfield>
        <subfield code='v'>973</subfield>
      </datafield>
      <datafield ind1='9' ind2='1' tag='999'>
        <subfield code='i'>i1797409</subfield>
        <subfield code='l'>kdoc</subfield>
        <subfield code='s'>o</subfield>
        <subfield code='t'>3</subfield>
        <subfield code='c'>1</subfield>
        <subfield code='o'>0</subfield>
        <subfield code='b'>L00115268N</subfield>
        <subfield code='p'>0860#</subfield>
        <subfield code='q'>|aJu 13 .1:</subfield>
        <subfield code='v'>974</subfield>
      </datafield>
      <datafield ind1='9' ind2='1' tag='999'>
        <subfield code='i'>i1797410</subfield>
        <subfield code='l'>kdoc</subfield>
        <subfield code='s'>o</subfield>
        <subfield code='t'>3</subfield>
        <subfield code='c'>1</subfield>
        <subfield code='o'>0</subfield>
        <subfield code='b'>L00115269O</subfield>
        <subfield code='p'>0860#</subfield>
        <subfield code='q'>|aJu 13 .1:</subfield>
        <subfield code='v'>975</subfield>
      </datafield>
      <datafield ind1='9' ind2='1' tag='999'>
        <subfield code='i'>i1797411</subfield>
        <subfield code='l'>kdoc</subfield>
        <subfield code='s'>o</subfield>
        <subfield code='t'>3</subfield>
        <subfield code='c'>1</subfield>
        <subfield code='o'>0</subfield>
        <subfield code='b'>L00115270G</subfield>
        <subfield code='p'>0860#</subfield>
        <subfield code='q'>|aJu 13 .1:</subfield>
        <subfield code='v'>976</subfield>
      </datafield>
      <datafield ind1='9' ind2='1' tag='999'>
        <subfield code='i'>i1797412</subfield>
        <subfield code='l'>kdoc</subfield>
        <subfield code='s'>o</subfield>
        <subfield code='t'>3</subfield>
        <subfield code='c'>1</subfield>
        <subfield code='o'>0</subfield>
        <subfield code='b'>L00115271H</subfield>
        <subfield code='p'>0860#</subfield>
        <subfield code='q'>|aJu 13 .1:</subfield>
        <subfield code='v'>977</subfield>
      </datafield>
      <datafield ind1='9' ind2='1' tag='999'>
        <subfield code='i'>i1797413</subfield>
        <subfield code='l'>kdoc</subfield>
        <subfield code='s'>o</subfield>
        <subfield code='t'>3</subfield>
        <subfield code='c'>1</subfield>
        <subfield code='o'>0</subfield>
        <subfield code='b'>L00115272I</subfield>
        <subfield code='p'>0860#</subfield>
        <subfield code='q'>|aJu 13 .1:</subfield>
        <subfield code='v'>978</subfield>
      </datafield>
      <datafield ind1='9' ind2='1' tag='999'>
        <subfield code='i'>i1797414</subfield>
        <subfield code='l'>kdoc</subfield>
        <subfield code='s'>o</subfield>
        <subfield code='t'>3</subfield>
        <subfield code='c'>1</subfield>
        <subfield code='o'>0</subfield>
        <subfield code='b'>L00115273J</subfield>
        <subfield code='p'>0860#</subfield>
        <subfield code='q'>|aJu 13 .1:</subfield>
        <subfield code='v'>979</subfield>
      </datafield>
      <datafield ind1='9' ind2='1' tag='999'>
        <subfield code='i'>i1797415</subfield>
        <subfield code='l'>kdoc</subfield>
        <subfield code='s'>o</subfield>
        <subfield code='t'>3</subfield>
        <subfield code='c'>1</subfield>
        <subfield code='o'>0</subfield>
        <subfield code='b'>L00115274K</subfield>
        <subfield code='p'>0860#</subfield>
        <subfield code='q'>|aJu 13 .1:</subfield>
        <subfield code='v'>980</subfield>
      </datafield>
      <datafield ind1='9' ind2='1' tag='999'>
        <subfield code='i'>i1797416</subfield>
        <subfield code='l'>kdoc</subfield>
        <subfield code='s'>o</subfield>
        <subfield code='t'>3</subfield>
        <subfield code='c'>1</subfield>
        <subfield code='o'>0</subfield>
        <subfield code='b'>L00115275L</subfield>
        <subfield code='p'>0860#</subfield>
        <subfield code='q'>|aJu 13 .1:</subfield>
        <subfield code='v'>981</subfield>
      </datafield>
      <datafield ind1='9' ind2='1' tag='999'>
        <subfield code='i'>i1797417</subfield>
        <subfield code='l'>kdoc</subfield>
        <subfield code='s'>o</subfield>
        <subfield code='t'>3</subfield>
        <subfield code='c'>1</subfield>
        <subfield code='o'>0</subfield>
        <subfield code='b'>L00115276M</subfield>
        <subfield code='p'>0860#</subfield>
        <subfield code='q'>|aJu 13 .1:</subfield>
        <subfield code='v'>982</subfield>
      </datafield>
      <datafield ind1='9' ind2='1' tag='999'>
        <subfield code='i'>i1797418</subfield>
        <subfield code='l'>kdoc</subfield>
        <subfield code='s'>o</subfield>
        <subfield code='t'>3</subfield>
        <subfield code='c'>1</subfield>
        <subfield code='o'>0</subfield>
        <subfield code='b'>L00115277N</subfield>
        <subfield code='p'>0860#</subfield>
        <subfield code='q'>|aJu 13 .1:</subfield>
        <subfield code='v'>983</subfield>
      </datafield>
      <datafield ind1='9' ind2='1' tag='999'>
        <subfield code='i'>i1797419</subfield>
        <subfield code='l'>kdoc</subfield>
        <subfield code='s'>o</subfield>
        <subfield code='t'>3</subfield>
        <subfield code='c'>1</subfield>
        <subfield code='o'>0</subfield>
        <subfield code='b'>L00115278O</subfield>
        <subfield code='p'>0860#</subfield>
        <subfield code='q'>|aJu 13 .1:</subfield>
        <subfield code='v'>984</subfield>
      </datafield>
      <datafield ind1='9' ind2='1' tag='999'>
        <subfield code='i'>i1797420</subfield>
        <subfield code='l'>kdoc</subfield>
        <subfield code='s'>o</subfield>
        <subfield code='t'>3</subfield>
        <subfield code='c'>1</subfield>
        <subfield code='o'>0</subfield>
        <subfield code='b'>L00115279P</subfield>
        <subfield code='p'>0860#</subfield>
        <subfield code='q'>|aJu 13 .1:</subfield>
        <subfield code='v'>985</subfield>
      </datafield>
      <datafield ind1='9' ind2='1' tag='999'>
        <subfield code='i'>i1797421</subfield>
        <subfield code='l'>kdoc</subfield>
        <subfield code='s'>o</subfield>
        <subfield code='t'>3</subfield>
        <subfield code='c'>1</subfield>
        <subfield code='o'>0</subfield>
        <subfield code='b'>L00115280H</subfield>
        <subfield code='p'>0860#</subfield>
        <subfield code='q'>|aJu 13 .1:</subfield>
        <subfield code='v'>986</subfield>
      </datafield>
      <datafield ind1='9' ind2='1' tag='999'>
        <subfield code='i'>i1797422</subfield>
        <subfield code='l'>kdoc</subfield>
        <subfield code='s'>o</subfield>
        <subfield code='t'>3</subfield>
        <subfield code='c'>1</subfield>
        <subfield code='o'>0</subfield>
        <subfield code='b'>L00115281I</subfield>
        <subfield code='p'>0860#</subfield>
        <subfield code='q'>|aJu 13 .1:</subfield>
        <subfield code='v'>988</subfield>
      </datafield>
      <datafield ind1='9' ind2='1' tag='999'>
        <subfield code='i'>i1797423</subfield>
        <subfield code='l'>kdoc</subfield>
        <subfield code='s'>o</subfield>
        <subfield code='t'>3</subfield>
        <subfield code='c'>1</subfield>
        <subfield code='o'>0</subfield>
        <subfield code='b'>L00115282J</subfield>
        <subfield code='p'>0860#</subfield>
        <subfield code='q'>|aJu 13 .1:</subfield>
        <subfield code='v'>989</subfield>
      </datafield>
      <datafield ind1='9' ind2='1' tag='999'>
        <subfield code='i'>i1797424</subfield>
        <subfield code='l'>kdoc</subfield>
        <subfield code='s'>o</subfield>
        <subfield code='t'>3</subfield>
        <subfield code='c'>1</subfield>
        <subfield code='o'>0</subfield>
        <subfield code='b'>L00115283K</subfield>
        <subfield code='p'>0860#</subfield>
        <subfield code='q'>|aJu 13 .1:</subfield>
        <subfield code='v'>990</subfield>
      </datafield>
      <datafield ind1='9' ind2='1' tag='999'>
        <subfield code='i'>i1797425</subfield>
        <subfield code='l'>kdoc</subfield>
        <subfield code='s'>o</subfield>
        <subfield code='t'>3</subfield>
        <subfield code='c'>1</subfield>
        <subfield code='o'>0</subfield>
        <subfield code='b'>L00115284L</subfield>
        <subfield code='p'>0860#</subfield>
        <subfield code='q'>|aJu 13 .1:</subfield>
        <subfield code='v'>991</subfield>
      </datafield>
      <datafield ind1='9' ind2='1' tag='999'>
        <subfield code='i'>i1797426</subfield>
        <subfield code='l'>kdoc</subfield>
        <subfield code='s'>o</subfield>
        <subfield code='t'>3</subfield>
        <subfield code='c'>1</subfield>
        <subfield code='o'>0</subfield>
        <subfield code='b'>L00115285M</subfield>
        <subfield code='p'>0860#</subfield>
        <subfield code='q'>|aJu 13 .1:</subfield>
        <subfield code='v'>992</subfield>
      </datafield>
      <datafield ind1='9' ind2='1' tag='999'>
        <subfield code='i'>i1797427</subfield>
        <subfield code='l'>kdoc</subfield>
        <subfield code='s'>o</subfield>
        <subfield code='t'>3</subfield>
        <subfield code='c'>1</subfield>
        <subfield code='o'>0</subfield>
        <subfield code='b'>L00217388T</subfield>
        <subfield code='p'>0860#</subfield>
        <subfield code='q'>|aJu 13 .1:</subfield>
        <subfield code='v'>995</subfield>
      </datafield>
      <datafield ind1='9' ind2='2' tag='999'>
        <subfield code='a'>c1372182</subfield>
        <subfield code='b'>dcpf</subfield>
        <subfield code='c'>0</subfield>
      </datafield>
      <datafield ind1='9' ind2='3' tag='999'>
        <subfield code='0'>c1372182</subfield>
        <subfield code='2'>852</subfield>
        <subfield code='3'>c</subfield>
        <subfield code='b'>553388</subfield>
        <subfield code='h'>Ju 13.1:</subfield>
        <subfield code='z'>For holdings, ask at Service Desk.</subfield>
        <subfield code='z'>Non-depository Federal Documents Collection.</subfield>
      </datafield>
      <datafield ind1='9' ind2='3' tag='999'>
        <subfield code='0'>c1372182</subfield>
        <subfield code='2'>852</subfield>
        <subfield code='3'>e</subfield>
        <subfield code='p'>HBFY-4258-00001</subfield>
        <subfield code='t'>1</subfield>
      </datafield>
      <datafield ind1='9' ind2='2' tag='999'>
        <subfield code='a'>c1406596</subfield>
        <subfield code='b'>dcpfb</subfield>
        <subfield code='c'>0</subfield>
      </datafield>
      <datafield ind1='9' ind2='3' tag='999'>
        <subfield code='0'>c1406596</subfield>
        <subfield code='2'>852</subfield>
        <subfield code='3'>c</subfield>
        <subfield code='b'>553388</subfield>
        <subfield code='g'>Microfiche</subfield>
        <subfield code='h'>Ju 13.1:</subfield>
        <subfield code='z'>For holdings, ask at Service Desk.</subfield>
      </datafield>
      <datafield ind1='9' ind2='3' tag='999'>
        <subfield code='0'>c1406596</subfield>
        <subfield code='2'>852</subfield>
        <subfield code='3'>e</subfield>
        <subfield code='p'>HBBE-0592-00001</subfield>
        <subfield code='t'>1</subfield>
      </datafield>
      <datafield ind1='9' ind2='2' tag='999'>
        <subfield code='a'>c14008662</subfield>
        <subfield code='b'>kdoc</subfield>
        <subfield code='c'>0</subfield>
      </datafield>
      <datafield ind1='9' ind2='3' tag='999'>
        <subfield code='0'>c14008662</subfield>
        <subfield code='2'>852</subfield>
        <subfield code='3'>c</subfield>
        <subfield code='h'>Ju 13</subfield>
        <subfield code='i'>.1: Library has: 1993-94 on microfiche.</subfield>
      </datafield>
      <datafield ind1='9' ind2='3' tag='999'>
        <subfield code='0'>c14008662</subfield>
        <subfield code='2'>853</subfield>
        <subfield code='3'>y</subfield>
        <subfield code='8'>1.1</subfield>
        <subfield code='a'>(yr)</subfield>
        <subfield code='t'>c</subfield>
      </datafield>
      <datafield ind1='0' ind2='0' tag='999'>
        <subfield code='a'>2008-06-06 00:00:00-04</subfield>
        <subfield code='c'>2004-09-27 18:45:00-04</subfield>
        <subfield code='u'>2016-09-26 08:49:43-04</subfield>
      </datafield>
  </record>