
  <record>
    <leader>00000cjm a2200493Ia 4500</leader>
      <controlfield tag='007'>sd dmsdnnmslne</controlfield>
      <controlfield tag='008'>090311s1949    ctumunn           n eng d</controlfield>
      <controlfield tag='001'>314217984</controlfield>
      <controlfield tag='003'>OCoLC</controlfield>
      <controlfield tag='005'>20160119101032.0</controlfield>
      <datafield ind1='0' ind2='0' tag='028'>
        <subfield code='a'>1049</subfield>
        <subfield code='b'>Harmony</subfield>
      </datafield>
      <datafield ind1='1' ind2='0' tag='028'>
        <subfield code='a'>CO 40903</subfield>
        <subfield code='b'>Harmony</subfield>
      </datafield>
      <datafield ind1='1' ind2='0' tag='028'>
        <subfield code='a'>CO 40904</subfield>
        <subfield code='b'>Harmony</subfield>
      </datafield>
      <datafield ind1='3' ind2='0' tag='028'>
        <subfield code='a'>1A</subfield>
        <subfield code='b'>Harmony</subfield>
      </datafield>
      <datafield ind1=' ' ind2=' ' tag='035'>
        <subfield code='a'>(OCoLC)314217984</subfield>
      </datafield>
      <datafield ind1=' ' ind2=' ' tag='040'>
        <subfield code='a'>STF</subfield>
        <subfield code='c'>STF</subfield>
        <subfield code='d'>OCLCF</subfield>
        <subfield code='d'>OCLCO</subfield>
        <subfield code='d'>NOC</subfield>
      </datafield>
      <datafield ind1=' ' ind2=' ' tag='047'>
        <subfield code='a'>pp</subfield>
        <subfield code='a'>mp</subfield>
      </datafield>
      <datafield ind1='0' ind2='0' tag='245'>
        <subfield code='a'>Baby, it&apos;s cold outside</subfield>
        <subfield code='h'>[sound recording] :</subfield>
        <subfield code='b'>from Neptune&apos;s daughter ; The huckle-buck.</subfield>
      </datafield>
      <datafield ind1='1' ind2=' ' tag='246'>
        <subfield code='i'>Side B:</subfield>
        <subfield code='a'>Huckle-buck</subfield>
      </datafield>
      <datafield ind1=' ' ind2=' ' tag='260'>
        <subfield code='a'>[Bridgeport, Conn.] :</subfield>
        <subfield code='b'>Harmony,</subfield>
        <subfield code='c'>[1949?]</subfield>
      </datafield>
      <datafield ind1=' ' ind2=' ' tag='300'>
        <subfield code='a'>1 sound disc :</subfield>
        <subfield code='b'>analog, 78 rpm, mono. ;</subfield>
        <subfield code='c'>10 in.</subfield>
      </datafield>
      <datafield ind1=' ' ind2=' ' tag='500'>
        <subfield code='a'>Harmony: 1049 (CO40903 (matrix)--CO 40904 (matrix); 1A (additional no. engraved on both sides of disc)).</subfield>
      </datafield>
      <datafield ind1=' ' ind2=' ' tag='500'>
        <subfield code='a'>Composer: Side A: Loesser. Side B: Alfred, Gibson.</subfield>
      </datafield>
      <datafield ind1=' ' ind2=' ' tag='500'>
        <subfield code='a'>Condition: Very good.</subfield>
      </datafield>
      <datafield ind1=' ' ind2=' ' tag='500'>
        <subfield code='a'>Special Collection material:  Use of audio or visual material may require production of listening or viewing copies before use.  Contact wilsonlibrary@unc.edu before visiting reading room for more information.</subfield>
      </datafield>
      <datafield ind1='0' ind2=' ' tag='511'>
        <subfield code='a'>Pearl Bailey and Hot Lips Page, vocal with rhythm acc.</subfield>
      </datafield>
      <datafield ind1=' ' ind2=' ' tag='561'>
        <subfield code='a'>Howell Begle collection: 20441.</subfield>
      </datafield>
      <datafield ind1=' ' ind2='7' tag='648'>
        <subfield code='a'>1941 - 1950</subfield>
        <subfield code='2'>fast</subfield>
      </datafield>
      <datafield ind1=' ' ind2='0' tag='650'>
        <subfield code='a'>Popular music</subfield>
        <subfield code='y'>1941-1950.</subfield>
      </datafield>
      <datafield ind1=' ' ind2='0' tag='650'>
        <subfield code='a'>Motion picture music</subfield>
        <subfield code='v'>Excerpts.</subfield>
      </datafield>
      <datafield ind1=' ' ind2='7' tag='650'>
        <subfield code='a'>Motion picture music</subfield>
        <subfield code='x'>Excerpts.</subfield>
        <subfield code='2'>fast</subfield>
        <subfield code='0'>(OCoLC)fst01027204</subfield>
      </datafield>
      <datafield ind1=' ' ind2='7' tag='650'>
        <subfield code='a'>Popular music.</subfield>
        <subfield code='2'>fast</subfield>
        <subfield code='0'>(OCoLC)fst01071422</subfield>
      </datafield>
      <datafield ind1='1' ind2=' ' tag='700'>
        <subfield code='a'>Alfred, Roy.</subfield>
        <subfield code='4'>lyr</subfield>
      </datafield>
      <datafield ind1='1' ind2=' ' tag='700'>
        <subfield code='a'>Gibson, Andy,</subfield>
        <subfield code='d'>1913-1961.</subfield>
        <subfield code='4'>cmp</subfield>
      </datafield>
      <datafield ind1='1' ind2=' ' tag='700'>
        <subfield code='a'>Bailey, Pearl.</subfield>
        <subfield code='4'>prf</subfield>
      </datafield>
      <datafield ind1='1' ind2=' ' tag='700'>
        <subfield code='a'>Page, Hot Lips,</subfield>
        <subfield code='d'>1908-1954.</subfield>
        <subfield code='4'>prf</subfield>
      </datafield>
      <datafield ind1='1' ind2='2' tag='700'>
        <subfield code='a'>Loesser, Frank,</subfield>
        <subfield code='d'>1910-1969.</subfield>
        <subfield code='t'>Baby, it&apos;s cold outside.</subfield>
      </datafield>
      <datafield ind1='4' ind2='2' tag='856'>
        <subfield code='3'>Finding aid for Howell Beglhttp://finding-aids.lib.unc.edu/20441/</subfield>
      </datafield>
      <datafield ind1=' ' ind2=' ' tag='907'>
        <subfield code='a'>b8407076</subfield>
      </datafield>
      <datafield ind1='9' ind2='1' tag='999'>
        <subfield code='i'>i10931607</subfield>
        <subfield code='l'>wadb</subfield>
        <subfield code='s'>o</subfield>
        <subfield code='t'>50</subfield>
        <subfield code='c'>1</subfield>
        <subfield code='o'>0</subfield>
        <subfield code='p'>099#9</subfield>
        <subfield code='q'>|a78-20734</subfield>
        <subfield code='n'>Special Collection material:  Use of audio or visual material may require production of listening or viewing copies before use.  Contact wilsonlibrary@unc.edu before visiting reading room for more information.</subfield>
      </datafield>
      <datafield ind1='0' ind2='0' tag='999'>
        <subfield code='a'>2016-01-19 00:00:00-05</subfield>
        <subfield code='c'>2016-01-19 10:10:00-05</subfield>
        <subfield code='u'>2017-03-23 14:46:26-04</subfield>
      </datafield>
  </record>