
  <record>
    <leader>00000cam  2200373 a 4500</leader>
      <controlfield tag='008'>000707s2000    dcu          f000 0 eng c</controlfield>
      <controlfield tag='001'>44546864</controlfield>
      <controlfield tag='005'>20001108154633.0</controlfield>
      <datafield ind1=' ' ind2=' ' tag='035'>
        <subfield code='a'>(GPO)99060771</subfield>
      </datafield>
      <datafield ind1=' ' ind2=' ' tag='040'>
        <subfield code='c'>WCL</subfield>
        <subfield code='d'>GPO</subfield>
        <subfield code='d'>DLC</subfield>
        <subfield code='d'>MvI</subfield>
      </datafield>
      <datafield ind1=' ' ind2=' ' tag='042'>
        <subfield code='a'>pcc</subfield>
      </datafield>
      <datafield ind1=' ' ind2=' ' tag='043'>
        <subfield code='a'>n-us---</subfield>
      </datafield>
      <datafield ind1=' ' ind2=' ' tag='074'>
        <subfield code='a'>1008-C (online)</subfield>
      </datafield>
      <datafield ind1=' ' ind2=' ' tag='074'>
        <subfield code='a'>1008-D (online)</subfield>
      </datafield>
      <datafield ind1='0' ind2=' ' tag='086'>
        <subfield code='a'>Y 1.1/8:196-644</subfield>
      </datafield>
      <datafield ind1='1' ind2=' ' tag='110'>
        <subfield code='a'>United States.</subfield>
        <subfield code='b'>Congress.</subfield>
        <subfield code='b'>House.</subfield>
        <subfield code='b'>Committee on Appropriations.</subfield>
      </datafield>
      <datafield ind1='1' ind2='0' tag='245'>
        <subfield code='a'>Department of Defense appropriations bill, 2001 :</subfield>
        <subfield code='b'>report of the Committee on Appropriations together with additional views (to accompany H.R. 4576).</subfield>
      </datafield>
      <datafield ind1=' ' ind2=' ' tag='260'>
        <subfield code='a'>[Washington, D.C. :</subfield>
        <subfield code='b'>U.S. G.P.O.,</subfield>
        <subfield code='c'>2000]</subfield>
      </datafield>
      <datafield ind1=' ' ind2=' ' tag='300'>
        <subfield code='a'>231 p. ;</subfield>
        <subfield code='c'>24 cm.</subfield>
      </datafield>
      <datafield ind1=' ' ind2=' ' tag='500'>
        <subfield code='a'>Cover title.</subfield>
      </datafield>
      <datafield ind1=' ' ind2=' ' tag='500'>
        <subfield code='a'>&quot;June 1, 2000.&quot;</subfield>
      </datafield>
      <datafield ind1=' ' ind2=' ' tag='530'>
        <subfield code='a'>Also available via Internet from the G.P.O. Access web site. Addresses as of 11/8/00: http://frwebgate.access.gpo.gov/cgi-bin/getdoc.cgi?dbname=106c̲ongṟeports&amp;docid=f:hr644.106 (text version), http://frwebgate.access.gpo.gov/cgi-bin/getdoc.cgi?dbname=106c̲ongṟeports&amp;docid=f:hr644.106.pdf (PDF version); current access is available via PURLs.</subfield>
      </datafield>
      <datafield ind1='1' ind2='0' tag='610'>
        <subfield code='a'>United States.</subfield>
        <subfield code='b'>Department of Defense</subfield>
        <subfield code='x'>Appropriations and expenditures.</subfield>
      </datafield>
      <datafield ind1='1' ind2='0' tag='610'>
        <subfield code='a'>United States.</subfield>
        <subfield code='b'>Department of Defense</subfield>
        <subfield code='x'>Procurement.</subfield>
      </datafield>
      <datafield ind1=' ' ind2='0' tag='651'>
        <subfield code='a'>United States</subfield>
        <subfield code='x'>Armed Forces</subfield>
        <subfield code='x'>Pay, allowances, etc.</subfield>
        <subfield code='x'>Law and legislation.</subfield>
      </datafield>
      <datafield ind1='1' ind2=' ' tag='810'>
        <subfield code='a'>United States.</subfield>
        <subfield code='b'>Congress.</subfield>
        <subfield code='b'>House.</subfield>
        <subfield code='t'>Report ;</subfield>
        <subfield code='v'>106-644.</subfield>
      </datafield>
      <datafield ind1='4' ind2='1' tag='856'>
        <subfield code='a'>#3 Text version: #u http://purl.access.gpo.gov/GPO/LPS6732</subfield>
      </datafield>
      <datafield ind1='4' ind2='1' tag='856'>
        <subfield code='3'>PDF version:</subfield>
        <subfield code='u'>http://purl.access.gpo.gov/GPO/LPS6733</subfield>
      </datafield>
      <datafield ind1=' ' ind2=' ' tag='907'>
        <subfield code='a'>b3761431</subfield>
      </datafield>
      <datafield ind1='9' ind2='1' tag='999'>
        <subfield code='i'>i5226500</subfield>
        <subfield code='l'>dcpf</subfield>
        <subfield code='s'>-</subfield>
        <subfield code='t'>20</subfield>
        <subfield code='c'>1</subfield>
        <subfield code='o'>0</subfield>
        <subfield code='b'>HBCD-4684-00001</subfield>
        <subfield code='p'>0860#</subfield>
        <subfield code='q'>|aY 1.1/8:196-644</subfield>
      </datafield>
      <datafield ind1='9' ind2='1' tag='999'>
        <subfield code='i'>i5226501</subfield>
        <subfield code='l'>kdfc</subfield>
        <subfield code='s'>o</subfield>
        <subfield code='t'>27</subfield>
        <subfield code='c'>1</subfield>
        <subfield code='o'>0</subfield>
        <subfield code='b'>HBCS-1313-00001</subfield>
        <subfield code='p'>0860#</subfield>
        <subfield code='q'>|aY 1.1/8:106-644</subfield>
      </datafield>
      <datafield ind1='0' ind2='0' tag='999'>
        <subfield code='a'>2004-10-01 00:00:00-04</subfield>
        <subfield code='c'>2004-10-06 10:10:56-04</subfield>
        <subfield code='u'>2013-10-23 07:49:24-04</subfield>
      </datafield>
  </record>
</collection>
